
@article{ShaoJiZuoBiaoXiaShiLiangDeWeiFenJiHeYanJiu2015,
  title = {极坐标下矢量的微分几何研究},
  author = {邵, 毅全 and 田, 莉兰 and 黄, 永超 and 倪, 陶},
  date = {2015},
  journaltitle = {激光杂志},
  volume = {36},
  number = {1},
  pages = {85--86},
  issn = {0253-2743},
  doi = {10.14016/j.cnki.jgzz.2015.01.085},
  abstract = {本文利用微分几何的方法,研究了极坐标下质点运动的加速度表达式,发现有值得商榷的地方.},
  langid = {chinese},
  keywords = {加速度,极坐标},
  file = {C:\Users\34997\Zotero\storage\9K7WISJ5\邵 等 - 2015 - 极坐标下矢量的微分几何研究.pdf}
}


@article{XiaoZiGuaYingHunDunYiQunSuanFaDeLiangShiYingJiLuJingYouHuaYanJiu2012,
  title = {自适应混沌蚁群算法的粮食应急路径优化研究},
  author = {肖, 乐 and 吴, 相林 and 甄, 彤},
  date = {2012},
  journaltitle = {计算机工程与应用},
  volume = {48},
  number = {24},
  pages = {28-31+44},
  issn = {1002-8331},
  abstract = {针对风险管理下的粮食应急路径优化问题,将"运输风险最小"和"运输时间最小"作为目标,建立相应的优化模型。利用"最大最小蚂蚁系统"进行求解,为避免过早陷入局部最优,提出自适应混沌蚁群优化算法。该算法利用有效解相似度来判断蚁群当前状态,根据情况对信息素进行全局更新和混沌扰动,可以有效地提高最优解的精度。实验表明该算法优于传统的演化算法,较好地解决了粮食应急运输路径优化问题。},
  langid = {chinese},
  keywords = {有效解相似度,粮食应急,自适应混沌蚁群算法,路径优化,风险管理},
  file = {C:\Users\34997\Zotero\storage\JDUF7PJA\肖 等 - 2012 - 自适应混沌蚁群算法的粮食应急路径优化研究.pdf}
}

@article{ZhaoJiYuGaiJinYiQunSuanFaDeWuLiuPeiSongFuZaLuJingYouHuaWenTiYanJiu2011,
  title = {基于改进蚁群算法的物流配送复杂路径优化问题研究},
  author = {赵, 勇 and 曾, 勇 and 贾, 春华 and 简, 三军},
  date = {2011},
  journaltitle = {中国市场},
  number = {28},
  pages = {6-8+11},
  issn = {1005-6432},
  abstract = {对物流配送中这类有装卸混合和任务组合的复杂路径优化问题,建立了考虑实际载重量的动态费用计算模型,并在基本蚁群算法基础上,改变了常用的以地点为基础的编码方式,取之以具体作业作为编码基础,既简化了这类复杂路径问题的算法设计,也便于算法的编程实现,并在局部作业路径搜索时根据问题特点设计了相应的启发式算法,并通过编程运行实验,证明了该算法的有效性。},
  langid = {chinese},
  keywords = {动态费用系数,物流配送,蚁群算法,装卸混合,路径优化},
  file = {C:\Users\34997\Zotero\storage\Q85987AB\赵 等 - 2011 - 基于改进蚁群算法的物流配送复杂路径优化问题研究.pdf}
}

@online{ZhangLiangFenXiZhiJiaoZuoBiaoJiZuoBiao,
  title = {张量分析——直角坐标，极坐标（曲线）基向量定义},
  url = {https://zhuanlan.zhihu.com/p/372259767},
  abstract = {许多物理问题的定义域常涉及曲线或曲面边界，为便于求解经常引入曲线坐标系。因此本小节主要探讨 二维笛卡尔直角坐标系与极坐标系的基向量定义。 一. 前言在中学时期，我们就学过直角坐标与极坐标的转化关系，即：…},
  langid = {chinese},
  organization = {{知乎专栏}},
  file = {C:\Users\34997\Zotero\storage\LB9TTEP9\372259767.html}
}

@online{WuLiRenDePingMianJiZuoBiaoXiYiJiYunDongMiaoShu,
  title = {物理人的平面极坐标系以及运动描述},
  url = {https://zhuanlan.zhihu.com/p/463591300},
  abstract = {给大家介绍一下对于物理系学生来说非常重要的 平面极坐标系。请看下图：如上图所示， \textbackslash vec\{r\^\{o\}\} 是径向单位矢量（角标0指的是0次方，个人觉得0次方很直观得说明“单位”二字）， \textbackslash vec\{\textbackslash theta\^\{o\}\} 是角向[1]单位…},
  langid = {chinese},
  organization = {{知乎专栏}},
  file = {C:\Users\34997\Zotero\storage\F4Z35DTH\463591300.html}
}

@online{2022NianGaoJiaoSheBeiQuanGuoDaXueShengShuXueJianMoGuoSaiBTiSiLu,
  title = {2022年高教社杯全国大学生数学建模国赛B题思路},
  url = {https://zhuanlan.zhihu.com/p/564834746},
  abstract = {以下，是我对2022年高教社杯全国大学生数学建模国赛B题思路的一些看法和见解，大家有问题可以评论，此贴也作为答疑帖。 先贴题目：如下是思路分析： 无人机的问题属于近年来的热点问题，以往多为调度问题，此次属…},
  langid = {chinese},
  organization = {{知乎专栏}}
}
